@Manual{R-base,
  title = {R: A Language and Environment for Statistical Computing},
  author = {{R Core Team}},
  organization = {R Foundation for Statistical Computing},
  address = {Vienna, Austria},
  year = {2023},
  url = {https://www.R-project.org/},
}
@Article{R-brms_a,
  title = {{brms}: An {R} Package for {Bayesian} Multilevel Models Using {Stan}},
  author = {Paul-Christian Bürkner},
  journal = {Journal of Statistical Software},
  year = {2017},
  volume = {80},
  number = {1},
  pages = {1--28},
  doi = {10.18637/jss.v080.i01},
  encoding = {UTF-8},
}
@Article{R-brms_b,
  title = {Advanced {Bayesian} Multilevel Modeling with the {R} Package {brms}},
  author = {Paul-Christian Bürkner},
  journal = {The R Journal},
  year = {2018},
  volume = {10},
  number = {1},
  pages = {395--411},
  doi = {10.32614/RJ-2018-017},
  encoding = {UTF-8},
}
@Article{R-brms_c,
  title = {Bayesian Item Response Modeling in {R} with {brms} and {Stan}},
  author = {Paul-Christian Bürkner},
  journal = {Journal of Statistical Software},
  year = {2021},
  volume = {100},
  number = {5},
  pages = {1--54},
  doi = {10.18637/jss.v100.i05},
  encoding = {UTF-8},
}
@Manual{R-broom,
  title = {broom: Convert Statistical Objects into Tidy Tibbles},
  author = {David Robinson and Alex Hayes and Simon Couch},
  year = {2023},
  note = {R package version 1.0.5},
  url = {https://CRAN.R-project.org/package=broom},
}
@Manual{R-dplyr,
  title = {dplyr: A Grammar of Data Manipulation},
  author = {Hadley Wickham and Romain François and Lionel Henry and Kirill Müller and Davis Vaughan},
  year = {2023},
  note = {R package version 1.1.4},
  url = {https://CRAN.R-project.org/package=dplyr},
}
@Manual{R-flextable,
  title = {flextable: Functions for Tabular Reporting},
  author = {David Gohel and Panagiotis Skintzos},
  year = {2023},
  note = {R package version 0.9.4},
  url = {https://CRAN.R-project.org/package=flextable},
}
@Manual{R-forcats,
  title = {forcats: Tools for Working with Categorical Variables (Factors)},
  author = {Hadley Wickham},
  year = {2023},
  note = {R package version 1.0.0},
  url = {https://CRAN.R-project.org/package=forcats},
}
@Article{R-ggdist,
  author = {Matthew Kay},
  title = {{ggdist}: Visualizations of Distributions and Uncertainty in the Grammar of Graphics},
  journal = {IEEE Transactions on Visualization and Computer Graphics},
  year = {2024},
  pages = {1--11},
  doi = {10.1109/TVCG.2023.3327195},
}
@Book{R-ggplot2,
  author = {Hadley Wickham},
  title = {ggplot2: Elegant Graphics for Data Analysis},
  publisher = {Springer-Verlag New York},
  year = {2016},
  isbn = {978-3-319-24277-4},
  url = {https://ggplot2.tidyverse.org},
}
@Manual{R-ggpubr,
  title = {ggpubr: 'ggplot2' Based Publication Ready Plots},
  author = {Alboukadel Kassambara},
  year = {2023},
  note = {R package version 0.6.0},
  url = {https://CRAN.R-project.org/package=ggpubr},
}
@Manual{R-gt,
  title = {gt: Easily Create Presentation-Ready Display Tables},
  author = {Richard Iannone and Joe Cheng and Barret Schloerke and Ellis Hughes and Alexandra Lauer and JooYoung Seo},
  year = {2023},
  note = {R package version 0.10.0},
  url = {https://CRAN.R-project.org/package=gt},
}
@Article{R-gtsummary,
  author = {Daniel D. Sjoberg and Karissa Whiting and Michael Curry and Jessica A. Lavery and Joseph Larmarange},
  title = {Reproducible Summary Tables with the gtsummary Package},
  journal = {{The R Journal}},
  year = {2021},
  url = {https://doi.org/10.32614/RJ-2021-053},
  doi = {10.32614/RJ-2021-053},
  volume = {13},
  issue = {1},
  pages = {570-580},
}
@Article{R-lubridate,
  title = {Dates and Times Made Easy with {lubridate}},
  author = {Garrett Grolemund and Hadley Wickham},
  journal = {Journal of Statistical Software},
  year = {2011},
  volume = {40},
  number = {3},
  pages = {1--25},
  url = {https://www.jstatsoft.org/v40/i03/},
}
@Manual{R-mdthemes,
  title = {mdthemes: Markdown Themes for 'ggplot2'},
  author = {Thomas Neitmann},
  year = {2020},
  note = {R package version 0.1.0},
  url = {https://CRAN.R-project.org/package=mdthemes},
}
@Article{R-mgcv_a,
  title = {Fast stable restricted maximum likelihood and marginal 
likelihood estimation of semiparametric generalized linear models},
  journal = {Journal of the Royal Statistical Society (B)},
  volume = {73},
  number = {1},
  pages = {3-36},
  year = {2011},
  author = {S. N. Wood},
}
@Article{R-mgcv_b,
  title = {Smoothing parameter and model selection for general smooth models (with discussion)},
  author = {S.N. Wood and {N.} and {Pya} and B. S{"a}fken},
  journal = {Journal of the American Statistical Association},
  year = {2016},
  pages = {1548-1575},
  volume = {111},
}
@Article{R-mgcv_c,
  title = {Stable and efficient multiple smoothing parameter estimation for 
         generalized additive models},
  journal = {Journal of the American Statistical Association},
  volume = {99},
  number = {467},
  pages = {673-686},
  year = {2004},
  author = {S. N. Wood},
}
@Article{R-mgcv_d,
  title = {Thin-plate regression splines},
  journal = {Journal of the Royal Statistical Society (B)},
  volume = {65},
  number = {1},
  pages = {95-114},
  year = {2003},
  author = {S. N. Wood},
}
@Article{R-mgcViz,
  title = {Scalable visualisation methods for modern Generalized Additive Models.},
  journal = {Journal of the Royal Statistical Society (B)},
  volume = {29},
  number = {1},
  pages = {78-86},
  year = {2020},
  author = {{Fasiolo} and {Matteo} and {Nedellec} and {Rapha{"e}l} and {Goude} and {Yannig} and {Wood} and Simon N},
}
@Book{R-nlme,
  title = {Mixed-Effects Models in S and S-PLUS},
  author = {José C. Pinheiro and Douglas M. Bates},
  year = {2000},
  publisher = {Springer},
  address = {New York},
  doi = {10.1007/b98882},
}
@Manual{R-officer,
  title = {officer: Manipulation of Microsoft Word and PowerPoint Documents},
  author = {David Gohel},
  year = {2023},
  note = {R package version 0.6.3},
  url = {https://CRAN.R-project.org/package=officer},
}
@Manual{R-papaja,
  title = {{papaja}: {Prepare} reproducible {APA} journal articles with {R Markdown}},
  author = {Frederik Aust and Marius Barth},
  year = {2023},
  note = {R package version 0.1.2},
  url = {https://github.com/crsh/papaja},
}
@Manual{R-purrr,
  title = {purrr: Functional Programming Tools},
  author = {Hadley Wickham and Lionel Henry},
  year = {2023},
  note = {R package version 1.0.2},
  url = {https://CRAN.R-project.org/package=purrr},
}
@Article{R-qgam,
  title = {{qgam}: {B}ayesian Nonparametric Quantile Regression Modeling in {R}},
  author = {Matteo Fasiolo and Simon N. Wood and Margaux Zaffran and Rapha\"el Nedellec and Yannig Goude},
  journal = {Journal of Statistical Software},
  year = {2021},
  volume = {100},
  number = {9},
  pages = {1--31},
  doi = {10.18637/jss.v100.i09},
}
@Article{R-Rcpp_a,
  title = {{Rcpp}: Seamless {R} and {C++} Integration},
  author = {Dirk Eddelbuettel and Romain Fran\c{c}ois},
  journal = {Journal of Statistical Software},
  year = {2011},
  volume = {40},
  number = {8},
  pages = {1--18},
  doi = {10.18637/jss.v040.i08},
}
@Article{R-Rcpp_b,
  title = {{Extending {R} with {C++}: A Brief Introduction to {Rcpp}}},
  author = {Dirk Eddelbuettel and James Joseph Balamuta},
  journal = {The American Statistician},
  year = {2018},
  volume = {72},
  number = {1},
  pages = {28-36},
  doi = {10.1080/00031305.2017.1375990},
}
@Manual{R-readr,
  title = {readr: Read Rectangular Text Data},
  author = {Hadley Wickham and Jim Hester and Jennifer Bryan},
  year = {2023},
  note = {R package version 2.1.4},
  url = {https://CRAN.R-project.org/package=readr},
}
@Manual{R-rgl,
  title = {rgl: 3D Visualization Using OpenGL},
  author = {Duncan Murdoch and Daniel Adler},
  year = {2023},
  note = {R package version 1.2.8},
  url = {https://CRAN.R-project.org/package=rgl},
}
@Manual{R-rlist,
  title = {rlist: A Toolbox for Non-Tabular Data Manipulation},
  author = {Kun Ren},
  year = {2021},
  note = {R package version 0.4.6.2},
  url = {https://CRAN.R-project.org/package=rlist},
}
@Manual{R-scales,
  title = {scales: Scale Functions for Visualization},
  author = {Hadley Wickham and Thomas Lin Pedersen and Dana Seidel},
  year = {2023},
  note = {R package version 1.3.0},
  url = {https://CRAN.R-project.org/package=scales},
}
@Manual{R-schoenberg,
  title = {schoenberg: Tools for 12-Tone Musical Composition},
  author = {Jeffrey A. Dahlke},
  year = {2018},
  note = {R package version 2.0.2},
  url = {https://CRAN.R-project.org/package=schoenberg},
}
@Manual{R-showtext,
  title = {showtext: Using Fonts More Easily in R Graphs},
  author = {Yixuan Qiu and authors/contributors of the included software. See file AUTHORS for details.},
  year = {2023},
  note = {R package version 0.9-6},
  url = {https://CRAN.R-project.org/package=showtext},
}
@Manual{R-showtextdb,
  title = {showtextdb: Font Files for the 'showtext' Package},
  author = {Yixuan Qiu and authors/contributors of the included fonts. See file AUTHORS for details.},
  year = {2020},
  note = {R package version 3.0},
  url = {https://CRAN.R-project.org/package=showtextdb},
}
@Manual{R-stringr,
  title = {stringr: Simple, Consistent Wrappers for Common String Operations},
  author = {Hadley Wickham},
  year = {2023},
  note = {R package version 1.5.1},
  url = {https://CRAN.R-project.org/package=stringr},
}
@Manual{R-sysfonts,
  title = {sysfonts: Loading Fonts into R},
  author = {Yixuan Qiu and authors/contributors of the included fonts. See file AUTHORS for details.},
  year = {2022},
  note = {R package version 0.8.8},
  url = {https://CRAN.R-project.org/package=sysfonts},
}
@Manual{R-tibble,
  title = {tibble: Simple Data Frames},
  author = {Kirill Müller and Hadley Wickham},
  year = {2023},
  note = {R package version 3.2.1},
  url = {https://CRAN.R-project.org/package=tibble},
}
@Manual{R-tidybayes,
  title = {{tidybayes}: Tidy Data and Geoms for {Bayesian} Models},
  author = {Matthew Kay},
  year = {2023},
  note = {R package version 3.0.6},
  url = {http://mjskay.github.io/tidybayes/},
  doi = {10.5281/zenodo.1308151},
}
@Manual{R-tidyr,
  title = {tidyr: Tidy Messy Data},
  author = {Hadley Wickham and Davis Vaughan and Maximilian Girlich},
  year = {2023},
  note = {R package version 1.3.0},
  url = {https://CRAN.R-project.org/package=tidyr},
}
@Article{R-tidyverse,
  title = {Welcome to the {tidyverse}},
  author = {Hadley Wickham and Mara Averick and Jennifer Bryan and Winston Chang and Lucy D'Agostino McGowan and Romain François and Garrett Grolemund and Alex Hayes and Lionel Henry and Jim Hester and Max Kuhn and Thomas Lin Pedersen and Evan Miller and Stephan Milton Bache and Kirill Müller and Jeroen Ooms and David Robinson and Dana Paige Seidel and Vitalie Spinu and Kohske Takahashi and Davis Vaughan and Claus Wilke and Kara Woo and Hiroaki Yutani},
  year = {2019},
  journal = {Journal of Open Source Software},
  volume = {4},
  number = {43},
  pages = {1686},
  doi = {10.21105/joss.01686},
}
@Manual{R-tinylabels,
  title = {{tinylabels}: Lightweight Variable Labels},
  author = {Marius Barth},
  year = {2023},
  note = {R package version 0.2.4},
  url = {https://cran.r-project.org/package=tinylabels},
}
@Manual{R-xtable,
  title = {xtable: Export Tables to LaTeX or HTML},
  author = {David B. Dahl and David Scott and Charles Roosen and Arni Magnusson and Jonathan Swinton},
  year = {2019},
  note = {R package version 1.8-4},
  url = {https://CRAN.R-project.org/package=xtable},
}

@article{mcclellandInteractiveActivationModel1981,
	title = {An interactive activation model of context effects in letter perception: I. An account of basic findings.},
	author = {McClelland, James L. and Rumelhart, David E.},
	year = {1981},
	date = {1981},
	journal = {Psychological review},
	pages = {375},
	volume = {88},
	number = {5},
	url = {https://psycnet.apa.org/record/1981-31825-001},
	note = {Publisher: American Psychological Association}
}

@article{libbenEverythingPsycholinguisticsMaterial2005,
	title = {Everything is psycholinguistics: Material and methodological considerations in the study of compound processing},
	author = {Libben, Gary},
	year = {2005},
	date = {2005},
	journal = {Canadian Journal of Linguistics/Revue canadienne de linguistique},
	pages = {267{\textendash}283},
	volume = {50},
	number = {1-4},
	url = {https://www.cambridge.org/core/journals/canadian-journal-of-linguistics-revue-canadienne-de-linguistique/article/everything-is-psycholinguistics-material-and-methodological-considerations-in-the-study-of-compound-processing/BF01DE531A8F8305E2A664711A7C4DB3},
	note = {Publisher: Cambridge University Press}
}

@article{mcclellandTRACEModelSpeech1984,
	title = {The TRACE model of speech perception},
	author = {McClelland, J. L. and Elman, J. L. and LANGUAGE, CALIFORNIA UNIV SAN DIEGO LA JOLLA CENTER FOR RESEARCH IN},
	year = {1984},
	date = {1984},
	journal = {California University San Diego, La Jolla Center for Research in Language},
	url = {https://apps.dtic.mil/sti/citations/ADA157550}
}

@article{mcclellandTRACEModelSpeech1986,
	title = {The TRACE model of speech perception},
	author = {McClelland, James L. and Elman, Jeffrey L.},
	year = {1986},
	date = {1986},
	journal = {Cognitive psychology},
	pages = {1{\textendash}86},
	volume = {18},
	number = {1},
	url = {https://www.sciencedirect.com/science/article/pii/0010028586900150},
	note = {Publisher: Elsevier}
}

@article{zangParafovealProcessingChinese2024,
	title = {Parafoveal processing of Chinese four-character idioms and phrases in reading: Evidence for multi-constituent unit hypothesis},
	author = {Zang, Chuanli and Wang, Shuangshuang and Bai, Xuejun and Yan, Guoli and Liversedge, Simon P.},
	year = {2024},
	month = {04},
	date = {2024-04-01},
	journal = {Journal of Memory and Language},
	pages = {104508},
	volume = {136},
	doi = {10.1016/j.jml.2024.104508},
	url = {https://www.sciencedirect.com/science/article/pii/S0749596X24000111}
}
