@Manual{R-base,
  title = {R: A Language and Environment for Statistical Computing},
  author = {{R Core Team}},
  organization = {R Foundation for Statistical Computing},
  address = {Vienna, Austria},
  year = {2023},
  url = {https://www.R-project.org/},
}
@Article{R-brms_a,
  title = {{brms}: An {R} Package for {Bayesian} Multilevel Models Using {Stan}},
  author = {Paul-Christian Bürkner},
  journal = {Journal of Statistical Software},
  year = {2017},
  volume = {80},
  number = {1},
  pages = {1--28},
  doi = {10.18637/jss.v080.i01},
  encoding = {UTF-8},
}
@Article{R-brms_b,
  title = {Advanced {Bayesian} Multilevel Modeling with the {R} Package {brms}},
  author = {Paul-Christian Bürkner},
  journal = {The R Journal},
  year = {2018},
  volume = {10},
  number = {1},
  pages = {395--411},
  doi = {10.32614/RJ-2018-017},
  encoding = {UTF-8},
}
@Article{R-brms_c,
  title = {Bayesian Item Response Modeling in {R} with {brms} and {Stan}},
  author = {Paul-Christian Bürkner},
  journal = {Journal of Statistical Software},
  year = {2021},
  volume = {100},
  number = {5},
  pages = {1--54},
  doi = {10.18637/jss.v100.i05},
  encoding = {UTF-8},
}
@Manual{R-broom,
  title = {broom: Convert Statistical Objects into Tidy Tibbles},
  author = {David Robinson and Alex Hayes and Simon Couch},
  year = {2023},
  note = {R package version 1.0.5},
  url = {https://CRAN.R-project.org/package=broom},
}
@Manual{R-dplyr,
  title = {dplyr: A Grammar of Data Manipulation},
  author = {Hadley Wickham and Romain François and Lionel Henry and Kirill Müller and Davis Vaughan},
  year = {2023},
  note = {R package version 1.1.4},
  url = {https://CRAN.R-project.org/package=dplyr},
}
@Manual{R-flextable,
  title = {flextable: Functions for Tabular Reporting},
  author = {David Gohel and Panagiotis Skintzos},
  year = {2023},
  note = {R package version 0.9.4},
  url = {https://CRAN.R-project.org/package=flextable},
}
@Manual{R-forcats,
  title = {forcats: Tools for Working with Categorical Variables (Factors)},
  author = {Hadley Wickham},
  year = {2023},
  note = {R package version 1.0.0},
  url = {https://CRAN.R-project.org/package=forcats},
}
@Article{R-ggdist,
  author = {Matthew Kay},
  title = {{ggdist}: Visualizations of Distributions and Uncertainty in the Grammar of Graphics},
  journal = {IEEE Transactions on Visualization and Computer Graphics},
  year = {2024},
  pages = {1--11},
  doi = {10.1109/TVCG.2023.3327195},
}
@Book{R-ggplot2,
  author = {Hadley Wickham},
  title = {ggplot2: Elegant Graphics for Data Analysis},
  publisher = {Springer-Verlag New York},
  year = {2016},
  isbn = {978-3-319-24277-4},
  url = {https://ggplot2.tidyverse.org},
}
@Manual{R-ggpubr,
  title = {ggpubr: 'ggplot2' Based Publication Ready Plots},
  author = {Alboukadel Kassambara},
  year = {2023},
  note = {R package version 0.6.0},
  url = {https://CRAN.R-project.org/package=ggpubr},
}
@Manual{R-gt,
  title = {gt: Easily Create Presentation-Ready Display Tables},
  author = {Richard Iannone and Joe Cheng and Barret Schloerke and Ellis Hughes and Alexandra Lauer and JooYoung Seo},
  year = {2023},
  note = {R package version 0.10.0},
  url = {https://CRAN.R-project.org/package=gt},
}
@Article{R-gtsummary,
  author = {Daniel D. Sjoberg and Karissa Whiting and Michael Curry and Jessica A. Lavery and Joseph Larmarange},
  title = {Reproducible Summary Tables with the gtsummary Package},
  journal = {{The R Journal}},
  year = {2021},
  url = {https://doi.org/10.32614/RJ-2021-053},
  doi = {10.32614/RJ-2021-053},
  volume = {13},
  issue = {1},
  pages = {570-580},
}
@Article{R-lubridate,
  title = {Dates and Times Made Easy with {lubridate}},
  author = {Garrett Grolemund and Hadley Wickham},
  journal = {Journal of Statistical Software},
  year = {2011},
  volume = {40},
  number = {3},
  pages = {1--25},
  url = {https://www.jstatsoft.org/v40/i03/},
}
@Manual{R-mdthemes,
  title = {mdthemes: Markdown Themes for 'ggplot2'},
  author = {Thomas Neitmann},
  year = {2020},
  note = {R package version 0.1.0},
  url = {https://CRAN.R-project.org/package=mdthemes},
}
@Article{R-mgcv_a,
  title = {Fast stable restricted maximum likelihood and marginal 
likelihood estimation of semiparametric generalized linear models},
  journal = {Journal of the Royal Statistical Society (B)},
  volume = {73},
  number = {1},
  pages = {3-36},
  year = {2011},
  author = {S. N. Wood},
}
@Article{R-mgcv_b,
  title = {Smoothing parameter and model selection for general smooth models (with discussion)},
  author = {S.N. Wood and {N.} and {Pya} and B. S{"a}fken},
  journal = {Journal of the American Statistical Association},
  year = {2016},
  pages = {1548-1575},
  volume = {111},
}
@Article{R-mgcv_c,
  title = {Stable and efficient multiple smoothing parameter estimation for 
         generalized additive models},
  journal = {Journal of the American Statistical Association},
  volume = {99},
  number = {467},
  pages = {673-686},
  year = {2004},
  author = {S. N. Wood},
}
@Article{R-mgcv_d,
  title = {Thin-plate regression splines},
  journal = {Journal of the Royal Statistical Society (B)},
  volume = {65},
  number = {1},
  pages = {95-114},
  year = {2003},
  author = {S. N. Wood},
}
@Article{R-mgcViz,
  title = {Scalable visualisation methods for modern Generalized Additive Models.},
  journal = {Journal of the Royal Statistical Society (B)},
  volume = {29},
  number = {1},
  pages = {78-86},
  year = {2020},
  author = {{Fasiolo} and {Matteo} and {Nedellec} and {Rapha{"e}l} and {Goude} and {Yannig} and {Wood} and Simon N},
}
@Book{R-nlme,
  title = {Mixed-Effects Models in S and S-PLUS},
  author = {José C. Pinheiro and Douglas M. Bates},
  year = {2000},
  publisher = {Springer},
  address = {New York},
  doi = {10.1007/b98882},
}
@Manual{R-officer,
  title = {officer: Manipulation of Microsoft Word and PowerPoint Documents},
  author = {David Gohel},
  year = {2023},
  note = {R package version 0.6.3},
  url = {https://CRAN.R-project.org/package=officer},
}
@Manual{R-papaja,
  title = {{papaja}: {Prepare} reproducible {APA} journal articles with {R Markdown}},
  author = {Frederik Aust and Marius Barth},
  year = {2023},
  note = {R package version 0.1.2},
  url = {https://github.com/crsh/papaja},
}
@Manual{R-purrr,
  title = {purrr: Functional Programming Tools},
  author = {Hadley Wickham and Lionel Henry},
  year = {2023},
  note = {R package version 1.0.2},
  url = {https://CRAN.R-project.org/package=purrr},
}
@Article{R-qgam,
  title = {{qgam}: {B}ayesian Nonparametric Quantile Regression Modeling in {R}},
  author = {Matteo Fasiolo and Simon N. Wood and Margaux Zaffran and Rapha\"el Nedellec and Yannig Goude},
  journal = {Journal of Statistical Software},
  year = {2021},
  volume = {100},
  number = {9},
  pages = {1--31},
  doi = {10.18637/jss.v100.i09},
}
@Article{R-Rcpp_a,
  title = {{Rcpp}: Seamless {R} and {C++} Integration},
  author = {Dirk Eddelbuettel and Romain Fran\c{c}ois},
  journal = {Journal of Statistical Software},
  year = {2011},
  volume = {40},
  number = {8},
  pages = {1--18},
  doi = {10.18637/jss.v040.i08},
}
@Article{R-Rcpp_b,
  title = {{Extending {R} with {C++}: A Brief Introduction to {Rcpp}}},
  author = {Dirk Eddelbuettel and James Joseph Balamuta},
  journal = {The American Statistician},
  year = {2018},
  volume = {72},
  number = {1},
  pages = {28-36},
  doi = {10.1080/00031305.2017.1375990},
}
@Manual{R-readr,
  title = {readr: Read Rectangular Text Data},
  author = {Hadley Wickham and Jim Hester and Jennifer Bryan},
  year = {2023},
  note = {R package version 2.1.4},
  url = {https://CRAN.R-project.org/package=readr},
}
@Manual{R-rgl,
  title = {rgl: 3D Visualization Using OpenGL},
  author = {Duncan Murdoch and Daniel Adler},
  year = {2023},
  note = {R package version 1.2.8},
  url = {https://CRAN.R-project.org/package=rgl},
}
@Manual{R-rlist,
  title = {rlist: A Toolbox for Non-Tabular Data Manipulation},
  author = {Kun Ren},
  year = {2021},
  note = {R package version 0.4.6.2},
  url = {https://CRAN.R-project.org/package=rlist},
}
@Manual{R-scales,
  title = {scales: Scale Functions for Visualization},
  author = {Hadley Wickham and Thomas Lin Pedersen and Dana Seidel},
  year = {2023},
  note = {R package version 1.3.0},
  url = {https://CRAN.R-project.org/package=scales},
}
@Manual{R-schoenberg,
  title = {schoenberg: Tools for 12-Tone Musical Composition},
  author = {Jeffrey A. Dahlke},
  year = {2018},
  note = {R package version 2.0.2},
  url = {https://CRAN.R-project.org/package=schoenberg},
}
@Manual{R-showtext,
  title = {showtext: Using Fonts More Easily in R Graphs},
  author = {Yixuan Qiu and authors/contributors of the included software. See file AUTHORS for details.},
  year = {2023},
  note = {R package version 0.9-6},
  url = {https://CRAN.R-project.org/package=showtext},
}
@Manual{R-showtextdb,
  title = {showtextdb: Font Files for the 'showtext' Package},
  author = {Yixuan Qiu and authors/contributors of the included fonts. See file AUTHORS for details.},
  year = {2020},
  note = {R package version 3.0},
  url = {https://CRAN.R-project.org/package=showtextdb},
}
@Manual{R-stringr,
  title = {stringr: Simple, Consistent Wrappers for Common String Operations},
  author = {Hadley Wickham},
  year = {2023},
  note = {R package version 1.5.1},
  url = {https://CRAN.R-project.org/package=stringr},
}
@Manual{R-sysfonts,
  title = {sysfonts: Loading Fonts into R},
  author = {Yixuan Qiu and authors/contributors of the included fonts. See file AUTHORS for details.},
  year = {2022},
  note = {R package version 0.8.8},
  url = {https://CRAN.R-project.org/package=sysfonts},
}
@Manual{R-tibble,
  title = {tibble: Simple Data Frames},
  author = {Kirill Müller and Hadley Wickham},
  year = {2023},
  note = {R package version 3.2.1},
  url = {https://CRAN.R-project.org/package=tibble},
}
@Manual{R-tidybayes,
  title = {{tidybayes}: Tidy Data and Geoms for {Bayesian} Models},
  author = {Matthew Kay},
  year = {2023},
  note = {R package version 3.0.6},
  url = {http://mjskay.github.io/tidybayes/},
  doi = {10.5281/zenodo.1308151},
}
@Manual{R-tidyr,
  title = {tidyr: Tidy Messy Data},
  author = {Hadley Wickham and Davis Vaughan and Maximilian Girlich},
  year = {2023},
  note = {R package version 1.3.0},
  url = {https://CRAN.R-project.org/package=tidyr},
}
@Article{R-tidyverse,
  title = {Welcome to the {tidyverse}},
  author = {Hadley Wickham and Mara Averick and Jennifer Bryan and Winston Chang and Lucy D'Agostino McGowan and Romain François and Garrett Grolemund and Alex Hayes and Lionel Henry and Jim Hester and Max Kuhn and Thomas Lin Pedersen and Evan Miller and Stephan Milton Bache and Kirill Müller and Jeroen Ooms and David Robinson and Dana Paige Seidel and Vitalie Spinu and Kohske Takahashi and Davis Vaughan and Claus Wilke and Kara Woo and Hiroaki Yutani},
  year = {2019},
  journal = {Journal of Open Source Software},
  volume = {4},
  number = {43},
  pages = {1686},
  doi = {10.21105/joss.01686},
}
@Manual{R-tinylabels,
  title = {{tinylabels}: Lightweight Variable Labels},
  author = {Marius Barth},
  year = {2023},
  note = {R package version 0.2.4},
  url = {https://cran.r-project.org/package=tinylabels},
}
@Manual{R-xtable,
  title = {xtable: Export Tables to LaTeX or HTML},
  author = {David B. Dahl and David Scott and Charles Roosen and Arni Magnusson and Jonathan Swinton},
  year = {2019},
  note = {R package version 1.8-4},
  url = {https://CRAN.R-project.org/package=xtable},
}

@article{mcclellandInteractiveActivationModel1981,
	title = {An interactive activation model of context effects in letter perception: I. An account of basic findings.},
	author = {McClelland, James L. and Rumelhart, David E.},
	year = {1981},
	date = {1981},
	journal = {Psychological review},
	pages = {375},
	volume = {88},
	number = {5},
	url = {https://psycnet.apa.org/record/1981-31825-001},
	note = {Publisher: American Psychological Association}
}

@article{libbenEverythingPsycholinguisticsMaterial2005,
	title = {Everything is psycholinguistics: Material and methodological considerations in the study of compound processing},
	author = {Libben, Gary},
	year = {2005},
	date = {2005},
	journal = {Canadian Journal of Linguistics/Revue canadienne de linguistique},
	pages = {267{\textendash}283},
	volume = {50},
	number = {1-4},
	url = {https://www.cambridge.org/core/journals/canadian-journal-of-linguistics-revue-canadienne-de-linguistique/article/everything-is-psycholinguistics-material-and-methodological-considerations-in-the-study-of-compound-processing/BF01DE531A8F8305E2A664711A7C4DB3},
	note = {Publisher: Cambridge University Press}
}

@article{mcclellandTRACEModelSpeech1984,
	title = {The TRACE model of speech perception},
	author = {McClelland, J. L. and Elman, J. L. and LANGUAGE, CALIFORNIA UNIV SAN DIEGO LA JOLLA CENTER FOR RESEARCH IN},
	year = {1984},
	date = {1984},
	journal = {California University San Diego, La Jolla Center for Research in Language},
	url = {https://apps.dtic.mil/sti/citations/ADA157550}
}

@article{mcclellandTRACEModelSpeech1986,
	title = {The TRACE model of speech perception},
	author = {McClelland, James L. and Elman, Jeffrey L.},
	year = {1986},
	date = {1986},
	journal = {Cognitive psychology},
	pages = {1{\textendash}86},
	volume = {18},
	number = {1},
	url = {https://www.sciencedirect.com/science/article/pii/0010028586900150},
	note = {Publisher: Elsevier}
}

@article{zangParafovealProcessingChinese2024,
	title = {Parafoveal processing of Chinese four-character idioms and phrases in reading: Evidence for multi-constituent unit hypothesis},
	author = {Zang, Chuanli and Wang, Shuangshuang and Bai, Xuejun and Yan, Guoli and Liversedge, Simon P.},
	year = {2024},
	month = {04},
	date = {2024-04-01},
	journal = {Journal of Memory and Language},
	pages = {104508},
	volume = {136},
	doi = {10.1016/j.jml.2024.104508},
	url = {https://www.sciencedirect.com/science/article/pii/S0749596X24000111}
}

@article{peircePsychoPy2ExperimentsBehavior2019,
	title = {PsychoPy2: Experiments in behavior made easy},
	author = {Peirce, Jonathan and Gray, Jeremy R. and Simpson, Sol and MacAskill, Michael and {Höchenberger}, Richard and Sogo, Hiroyuki and Kastman, Erik and {Lindeløv}, Jonas Kristoffer},
	year = {2019},
	month = {02},
	date = {2019-02},
	journal = {Behavior Research Methods},
	pages = {195--203},
	volume = {51},
	number = {1},
	doi = {10.3758/s13428-018-01193-y},
	url = {http://link.springer.com/10.3758/s13428-018-01193-y},
	langid = {en}
}

@article{boyceMazeMadeEasy2020,
	title = {Maze Made Easy: Better and easier measurement of incremental processing difficulty},
	author = {Boyce, Veronica and Futrell, Richard and Levy, Roger P.},
	year = {2020},
	date = {2020},
	journal = {Journal of Memory and Language},
	pages = {104082},
	volume = {111},
	number = {November 2019},
	doi = {10.1016/j.jml.2019.104082},
	url = {https://doi.org/10.1016/j.jml.2019.104082},
	note = {Publisher: Elsevier}
}

@article{5_a_ContextEffectsDoubleweak,
	title = {5{\_}a{\_}Context effects in a double-weak theory of speech.pdf}
}

@article{pinkerFutureTense2002,
	title = {The past and future of the past tense},
	author = {Pinker, Steven and Ullman, Michael T.},
	year = {2002},
	month = {11},
	date = {2002-11-01},
	journal = {Trends in Cognitive Sciences},
	pages = {456--463},
	volume = {6},
	number = {11},
	doi = {10.1016/S1364-6613(02)01990-3},
	url = {https://www.sciencedirect.com/science/article/pii/S1364661302019903}
}

@article{janssenPhraseFrequencyEffects2012,
	title = {Phrase Frequency Effects in Language Production},
	author = {Janssen, Niels and Barber, Horacio A.},
	year = {2012},
	month = {03},
	date = {2012-03-27},
	journal = {PLOS ONE},
	pages = {e33202},
	volume = {7},
	number = {3},
	doi = {10.1371/journal.pone.0033202},
	url = {https://journals.plos.org/plosone/article?id=10.1371/journal.pone.0033202},
	note = {Publisher: Public Library of Science},
	langid = {en}
}

@article{bannardStoredWordSequences2008,
	title = {Stored Word Sequences in Language Learning: The Effect of Familiarity on Children's Repetition of Four-Word Combinations},
	author = {Bannard, Colin and Matthews, Danielle},
	year = {2008},
	month = {03},
	date = {2008-03-01},
	journal = {Psychological Science},
	pages = {241--248},
	volume = {19},
	number = {3},
	doi = {10.1111/j.1467-9280.2008.02075.x},
	url = {https://doi.org/10.1111/j.1467-9280.2008.02075.x},
	note = {Publisher: SAGE Publications Inc},
	langid = {en}
}

@article{odonnellFragmentGrammarsExploring2009,
	title = {Fragment Grammars: Exploring Computation and Reuse in Language},
	author = {{O'Donnell}, Timothy J. and Tenenbaum, Joshua B. and Goodman, Noah D.},
	year = {2009},
	month = {03},
	date = {2009-03-31},
	url = {https://dspace.mit.edu/handle/1721.1/44963},
	note = {Accepted: 2009-03-31T05:00:03Z},
	langid = {en}
}

@article{oppenheimLexicalCompetitionDemand2019,
	title = {Lexical competition on demand},
	author = {Oppenheim, Gary M. and Balatsou, Evangelia},
	year = {2019},
	month = {08},
	date = {2019-08-18},
	journal = {Cognitive Neuropsychology},
	pages = {216--219},
	volume = {36},
	number = {5-6},
	doi = {10.1080/02643294.2019.1580189},
	url = {https://doi.org/10.1080/02643294.2019.1580189},
	note = {Publisher: Routledge
{\_}eprint: https://doi.org/10.1080/02643294.2019.1580189
PMID: 30806588}
}

@article{schriefersExploringTimeCourse1990,
	title = {Exploring the time course of lexical access in language production: Picture-word interference studies},
	author = {Schriefers, H. and Meyer, A. S. and Levelt, W. J. M.},
	year = {1990},
	month = {02},
	date = {1990-02-01},
	journal = {Journal of Memory and Language},
	pages = {86--102},
	volume = {29},
	number = {1},
	doi = {10.1016/0749-596X(90)90011-N},
	url = {https://www.sciencedirect.com/science/article/pii/0749596X9090011N}
}

@article{starreveldSemanticInterferenceOrthographic1995,
	title = {Semantic interference, orthographic facilitation, and their interaction in naming tasks.},
	author = {Starreveld, Peter A. and La Heij, Wido},
	year = {1995},
	date = {1995},
	journal = {Journal of Experimental Psychology: Learning, Memory, and Cognition},
	pages = {686},
	volume = {21},
	number = {3},
	url = {https://psycnet.apa.org/record/1995-42762-001},
	note = {Publisher: American Psychological Association}
}

@article{staub2007,
	title = {The Time Course of Plausibility Effects on Eye Movements in Reading: Evidence From Noun-Noun Compounds},
	author = {Staub, Adrian and Rayner, Keith and Pollatsek, Alexander and {Hyönä}, Jukka and Majewski, Helen},
	year = {2007},
	date = {2007},
	journal = {Journal of Experimental Psychology: Learning Memory and Cognition},
	pages = {1162--1169},
	volume = {33},
	number = {6},
	doi = {10.1037/0278-7393.33.6.1162},
	note = {PMID: 17983320}
}

@article{magnuson2007,
	title = {The Dynamics of Lexical Competition During Spoken Word Recognition},
	author = {Magnuson, James S. and Dixon, James A. and Tanenhaus, Michael K. and Aslin, Richard N.},
	year = {2007},
	month = {02},
	date = {2007-02},
	journal = {Cognitive Science},
	pages = {133--156},
	volume = {31},
	number = {1},
	doi = {10.1080/03640210709336987},
	url = {https://onlinelibrary.wiley.com/doi/10.1080/03640210709336987},
	langid = {en}
}

@article{hampeTransitivePhrasalVerbs2012,
	title = {Transitive phrasal verbs in acquisition and use: A view from construction grammar},
	author = {Hampe, Beate},
	year = {2012},
	month = {08},
	date = {2012-08-13},
	journal = {Language Value},
	pages = {1--32},
	volume = {4},
	number = {1},
	url = {https://raco.cat/index.php/LanguageValue/article/view/302086},
	note = {Number: 1},
	langid = {en}
}

@article{staubInfluenceClozeProbability2015,
	title = {The influence of cloze probability and item constraint on cloze task response time},
	author = {Staub, Adrian and Grant, Margaret and Astheimer, Lori and Cohen, Andrew},
	year = {2015},
	month = {07},
	date = {2015-07-01},
	journal = {Journal of Memory and Language},
	pages = {1--17},
	volume = {82},
	doi = {10.1016/j.jml.2015.02.004},
	url = {https://www.sciencedirect.com/science/article/pii/S0749596X15000236}
}


@article{bybee2002,
	title = {Word frequency and context of use in the lexical diffusion of phonetically conditioned sound change},
	author = {Bybee, Joan},
	year = {2002},
	date = {2002},
	journal = {Language Variation and Change},
	pages = {261--290},
	volume = {14},
	number = {3},
	doi = {10.1017/S0954394502143018}
}

@article{goldberg2003,
	title = {Constructions: A new theoretical approach to language},
	author = {Goldberg, Adele E.},
	year = {2003},
	date = {2003},
	journal = {Trends in Cognitive Sciences},
	pages = {219--224},
	volume = {7},
	number = {5},
	doi = {10.1016/S1364-6613(03)00080-9},
	note = {PMID: 12757824}
}

@book{nooteboom2002,
	title = {Storage and computation in the language faculty},
	author = {Nooteboom, Sieb and Nooteboom, SG and Weerman, Fred and Wijnen, FNK},
	year = {2002},
	date = {2002},
	publisher = {Springer Science \& Business Media},
}

@article{wang2003,
	title = {Discovering the Capacity of Human Memory},
	author = {Wang, Yingxu and Liu, Dong and Wang, Ying},
	year = {2003},
	month = {08},
	date = {2003-08-01},
	journal = {Brain and Mind},
	pages = {189--198},
	volume = {4},
	number = {2},
	doi = {10.1023/A:1025405628479},
	url = {https://doi.org/10.1023/A:1025405628479},
	langid = {en}
}

@article{mollica2019,
	title = {Humans store about 1.5 megabytes of information during language acquisition},
	author = {Mollica, Francis and Piantadosi, Steven T.},
	year = {2019},
	month = {03},
	date = {2019-03-27},
	journal = {Royal Society Open Science},
	pages = {181393},
	volume = {6},
	number = {3},
	doi = {10.1098/rsos.181393},
	note = {Publisher: Royal Society}
}

@book{bybee2003,
	title = {Phonology and language use},
	author = {Bybee, Joan},
	year = {2003},
	date = {2003},
	publisher = {Cambridge University Press},
	volume = {94},
}

@article{albright2003,
	title = {Rules vs. analogy in English past tenses: A computational/experimental study},
	author = {Albright, Adam and Hayes, Bruce},
	year = {2003},
	date = {2003},
	journal = {Cognition},
	pages = {119--161},
	volume = {90},
	number = {2},
	doi = {10.1016/S0010-0277(03)00146-X},
	note = {PMID: 14599751}
}

@book{kapatsinski2018,
	title = {Changing minds changing tools: From learning theory to language acquisition to language change},
	author = {Kapatsinski, Vsevolod},
	year = {2018},
	date = {2018},
	publisher = {MIT Press},
}

@article{kapatsinski2009,
	title = {Frequency and the emergence of prefabs: Evidence from monitoring},
	author = {Kapatsinski, Vsevolod and Radicke, Joshua},
	year = {2009},
	date = {2009},
	pages = {499},
	number = {January 2009},
	doi = {10.1075/tsl.83.14kap}
}

@article{hay2001,
	title = {Lexical frequency in morphology: Is everything relative?},
	author = {Hay, Jennifer},
	year = {2001},
	date = {2001},
	journal = {Linguistics},
	pages = {1041--1070},
	volume = {39},
	number = {376},
	doi = {10.1515/ling.2001.041}
}

@article{olejarczuk2018,
	title = {Distributional learning is error-driven: The role of surprise in the acquisition of phonetic categories},
	author = {Olejarczuk, Paul and Kapatsinski, Vsevolod and Baayen, R. Harald},
	year = {2018},
	date = {2018},
	journal = {Linguistics Vanguard},
	pages = {1--9},
	volume = {4},
	number = {s2},
	doi = {10.1515/lingvan-2017-0020}
}

@article{lee2015,
	title = {Frequency Effects in Morphologisation of Korean /n/-Epenthesis},
	author = {Lee, Ogyoung and Kapatsinski, Vsevolod},
	year = {2015},
	date = {2015},
	pages = {1--23}
}

@article{arnon2010,
	title = {More than words: Frequency effects for multi-word phrases},
	author = {Arnon, Inbal and Snider, Neal},
	year = {2010},
	date = {2010},
	journal = {Journal of Memory and Language},
	pages = {67--82},
	volume = {62},
	number = {1},
	doi = {10.1016/j.jml.2009.09.005},
	url = {http://dx.doi.org/10.1016/j.jml.2009.09.005},
	note = {Publisher: Elsevier Inc.}
}


@article{stemberger2004,
	title = {Are inflected forms stored in the lexicon},
	author = {Stemberger, Joseph P and MacWhinney, Brian},
	year = {2004},
	journal = {Morphology: Critical concepts in linguistics},
	pages = {107{\textendash}122},
	volume = {6},
}

@article{baayen2011,
	title = {An Amorphous Model for Morphological Processing in Visual Comprehension Based on Naive Discriminative Learning},
	author = {Baayen, R. Harald and Milin, Petar and {revi{\'{c}}}, {Dusica Filipovi{\'{c}}} and Hendrix, Peter and Marelli, Marco},
	year = {2011},
	date = {2011},
	journal = {Psychological Review},
	pages = {438--481},
	volume = {118},
	number = {3},
	doi = {10.1037/a0023851},
	note = {PMID: 21744979}
}

@article{morgan2016,
	title = {Frequency-dependent regularization in iterated learning},
	author = {Morgan, Emily and Levy, Roger},
	year = {2016},
	date = {2016},
	journal = {The Evolution of Language: Proceedings of the 11th International Conference (EVOLANGX11)},
	number = {2015}
}

@book{tomasello2005,
	title = {Constructing a language: A usage-based theory of language acquisition},
	author = {Tomasello, Michael},
	year = {2005},
	date = {2005},
	publisher = {Harvard university press},
}

@article{langacker1987,
	title = {Foundations of cognitive grammar: Volume II: Descriptive application},
	author = {Langacker, Ronald W.},
	year = {1987},
	date = {1987},
	note = {Publisher: Stanford university press}
}

@article{bybee1999,
	title = {The effect of usage on degrees of constituency: the reduction of don't in English},
	author = {Bybee, Joan and Scheibman, Joanne},
	year = {1999},
	month = {01},
	date = {1999-01-01},
	journal = {Linguistics},
	volume = {37},
	number = {4},
	doi = {10.1515/ling.37.4.575},
}

@article{christiansen2017,
	title = {More Than Words: The Role of Multiword Sequences in Language Learning and Use},
	author = {Christiansen, Morten H. and Arnon, Inbal},
	year = {2017},
	date = {2017},
	journal = {Topics in Cognitive Science},
	pages = {542--551},
	volume = {9},
	number = {3},
	doi = {10.1111/tops.12274},
	note = {PMID: 28503906}
}

@article{zwitserlood2018,
	title = {Processing and Representation of Morphological Complexity in Native Language Comprehension and Production},
	author = {Zwitserlood, Pienie},
	journal = {The construction of words: Advances in construction morphology},
	year = {2018},
	date = {2018},
	pulisher = {Springer},
	pages = {583--602},
	doi = {10.1007/978-3-319-74394-3_20},
	note = {ISBN: 9783319743943}
}

@article{yi2002,
	title = {Ŭmun hyŏnsanggwa pindo hyogwa [the effects of frequency and phonology]},
	author = {Yi, Bong-Won},
	year = {2002},
	date = {2002},
	journal = {Han'gugŏhak},
	volume={15},
	pages={161--183}
}

@article{siyanova-chanturia2011,
	title = {Seeing a Phrase {``}Time and Again{"} Matters: The Role of Phrasal Frequency in the Processing of Multiword Sequences},
	author = {Siyanova-Chanturia, Anna and Conklin, Kathy and van Heuven, Walter J.B.},
	year = {2011},
	date = {2011},
	journal = {Journal of Experimental Psychology: Learning Memory and Cognition},
	pages = {776--784},
	volume = {37},
	number = {3},
	doi = {10.1037/a0022531},
	note = {PMID: 21355667
ISBN: 0302006001}
}

@article{siegelman2015,
	title = {The advantage of starting big: Learning from unsegmented input facilitates mastery of grammatical gender in an artificial language},
	author = {Siegelman, Noam and Arnon, Inbal},
	year = {2015},
	date = {2015},
	journal = {Journal of Memory and Language},
	pages = {60--75},
	volume = {85},
	doi = {10.1016/j.jml.2015.07.003},
	url = {http://dx.doi.org/10.1016/j.jml.2015.07.003},
	note = {Publisher: Elsevier Inc.}
}

@inproceedings{maye2000,
	title = {Learning phonemes without minimal pairs},
	author = {Maye, Jessica and Gerken, LouAnn},
	year = {2000},
	date = {2000},
	pages = {522{\textendash}533},
	volume = {2},
}

@article{ramscar2013,
	title = {Children Value Informativity Over Logic in Word Learning},
	author = {Ramscar, Michael and Dye, Melody and Klein, Joseph},
	year = {2013},
	date = {2013},
	journal = {Psychological Science},
	pages = {1017--1023},
	volume = {24},
	number = {6},
	doi = {10.1177/0956797612460691}
}

@article{bybee2001,
	title = {Introduction to frequency and the emergence of linguistic structure},
	author = {Bybee, Joan and Hopper, Paul},
	year = {2001},
	date = {2001},
	journal = {Typological Studies in Language},
	pages = {1{\textendash}26},
	volume = {45},
}

@article{hooper1976,
	title = {Word frequency in lexical diffusion and the source of morphophonological change},
	author = {Hooper, Joan B.},
	year = {1976},
	date = {1976},
	journal = {Current progress in historical linguistics},
	pages = {105},
	volume = {96}
}

@article{saffran1996,
	title = {Statistical Learning by 8-Month-Old Infants},
	author = {Saffran, Jenny R. and Aslin, Richard N. and Newport, Elissa L.},
	year = {1996},
	month = {12},
	date = {1996-12-13},
	journal = {Science},
	pages = {1926--1928},
	volume = {274},
	number = {5294},
	doi = {10.1126/science.274.5294.1926},
	url = {https://www.science.org/doi/10.1126/science.274.5294.1926},
	langid = {en}
}

@article{healy1976,
	title = {Detection errors on the word the: evidence for reading units larger than letters.},
	author = {Healy, Alice F.},
	year = {1976},
	date = {1976},
	journal = {Journal of Experimental Psychology: Human Perception and Performance},
	pages = {235},
	volume = {2},
	number = {2},
	url = {https://psycnet.apa.org/journals/xhp/2/2/235/},
	note = {Publisher: American Psychological Association}
}

@article{healy1994,
	title = {Letter detection: A window to unitization and other cognitive processes in reading text},
	author = {Healy, Alice F.},
	year = {1994},
	month = {09},
	date = {1994-09},
	journal = {Psychonomic Bulletin \& Review},
	pages = {333--344},
	volume = {1},
	number = {3},
	doi = {10.3758/BF03213975},
	url = {http://link.springer.com/10.3758/BF03213975},
	langid = {en}
}

@article{minkoff2000,
	title = {Letter-Detection Errors in the Word The: Word Frequency Versus Syntactic Structure},
	author = {Minkoff, Scott R. B. and Raney, Gary E.},
	year = {2000},
	month = {01},
	date = {2000-01},
	journal = {Scientific Studies of Reading},
	pages = {55--76},
	volume = {4},
	number = {1},
	doi = {10.1207/S1532799XSSR0401_5},
	langid = {en}
}

@article{mgcv,
	title = {Fast stable restricted maximum likelihood and marginal 
likelihood estimation of semiparametric generalized linear models},
	author = {Wood, S. N.},
	year = {2011},
	date = {2011},
	pages = {3--36},
	volume = {73}
}

@Manual{Rpackage,
    title = {R: A Language and Environment for Statistical Computing},
    author = {{R Core Team}},
    organization = {R Foundation for Statistical Computing},
    address = {Vienna, Austria},
    year = {2023},
    url = {https://www.R-project.org/},
  }

@Article{brms,
    title = {{brms}: An {R} Package for {Bayesian} Multilevel Models
      Using {Stan}},
    author = {Paul-Christian Bürkner},
    journal = {Journal of Statistical Software},
    year = {2017},
    volume = {80},
    number = {1},
    pages = {1--28},
    doi = {10.18637/jss.v080.i01},
    encoding = {UTF-8},
  }
@book{boutonLearning2007,
	title = {Learning and behavior: A contemporary synthesis.},
	author = {Bouton, Mark E.},
	year = {2007},
	date = {2007},
	publisher = {Sinauer Associates},
	url = {https://psycnet.apa.org/record/2006-21409-000}
}

@article{xuWordLearningBayesian2007,
	title = {Word learning as Bayesian inference.},
	author = {Xu, Fei and Tenenbaum, Joshua B.},
	year = {2007},
	date = {2007},
	journal = {Psychological review},
	pages = {245},
	volume = {114},
	number = {2},
	url = {https://psycnet.apa.org/record/2007-05396-002},
	note = {Publisher: American Psychological Association}
}

@article{harmonPuttingOldTools2017,
	title = {Putting old tools to novel uses: The role of form accessibility in semantic extension},
	author = {Harmon, Zara and Kapatsinski, Vsevolod},
	year = {2017},
	date = {2017},
	journal = {Cognitive Psychology},
	pages = {22--44},
	volume = {98},
	doi = {10.1016/j.cogpsych.2017.08.002},
	url = {http://dx.doi.org/10.1016/j.cogpsych.2017.08.002},
	note = {PMID: 28830015
Publisher: Elsevier Inc.}
}

@article{ashbyNeurobiologicalTheoryAutomaticity2007,
	title = {A neurobiological theory of automaticity in perceptual categorization.},
	author = {Ashby, F. Gregory and Ennis, John M. and Spiering, Brian J.},
	year = {2007},
	date = {2007},
	journal = {Psychological review},
	pages = {632},
	volume = {114},
	number = {3},
	url = {https://psycnet.apa.org/journals/rev/114/3/632/},
	note = {Publisher: American Psychological Association}
}


houghtonPerceptualConsequencesPauses  title={Perceptual consequences of pauses: Credibility and fluency of native and non-native speech},
  author={Houghton, Zachary N and Kato, Misaki and Baese-Berk, Melissa M and Vaughn, Charlotte},
  journal={The Journal of the Acoustical Society of America},
  volume={148},
  number={4},
  pages={2762--2762},
  year={2020},
  publisher={Acoustical Society of America}
}

@article{levyProcessingExtraposedStructures2012,
	title = {The processing of extraposed structures in English},
	author = {Levy, Roger and Fedorenko, Evelina and Breen, Mara and Gibson, Edward},
	year = {2012},
	month = {01},
	date = {2012-01-01},
	journal = {Cognition},
	pages = {12--36},
	volume = {122},
	number = {1},
	doi = {10.1016/j.cognition.2011.07.012},
	url = {https://www.sciencedirect.com/science/article/pii/S0010027711002010}
}

@article{houghtonTaskdependentConsequencesDisfluency2023,
	title = {Task-dependent consequences of disfluency in perception of native and non-native speech},
	author = {Houghton, Zachary and Kato, Misaki and Baese-Berk, Melissa and Vaughn, Charlotte},
	year = {2023},
	month = {12},
	date = {2024},
	journal = {Applied Psycholinguistics},
	pages = {1--17},
	doi = {10.1017/S0142716423000486},
	url = {https://www.cambridge.org/core/journals/applied-psycholinguistics/article/taskdependent-consequences-of-disfluency-in-perception-of-native-and-nonnative-speech/24E2657CBFAEAE3A2BC7A2493983732F},
	note = {Publisher: Cambridge University Press},
	langid = {en}
}

@article{hochreiter1997long,
  title={Long short-term memory},
  author={Hochreiter, Sepp and Schmidhuber, J{\"u}rgen},
  journal={Neural computation},
  volume={9},
  number={8},
  pages={1735--1780},
  year={1997},
  publisher={MIT press}
}
@article{hochreiterLSTM1997,
	title = {Long short-term memory},
	author = {Hochreiter, Sepp and Schmidhuber, {Jürgen}},
	year = {1997},
	date = {1997},
	journal = {Neural computation},
	pages = {1735{\textendash}1780},
	volume = {9},
	number = {8},
	url = {https://ieeexplore.ieee.org/abstract/document/6795963/},
	note = {Publisher: MIT press}
}

@article{vaswaniAttentionAllYou2017,
	title = {Attention is all you need},
	author = {Vaswani, Ashish and Shazeer, Noam and Parmar, Niki and Uszkoreit, Jakob and Jones, Llion and Gomez, Aidan N. and Kaiser, {\Lukasz} and Polosukhin, Illia},
	year = {2017},
	date = {2017},
	journal = {Advances in neural information processing systems},
	volume = {30},
	url = {https://proceedings.neurips.cc/paper/7181-attention-is-all}
}

@article{kapatsinskiHierarchicalInferenceSound2021,
	title = {Hierarchical Inference in Sound Change: Words, Sounds, and Frequency of Use},
	author = {Kapatsinski, Vsevolod},
	year = {2021},
	date = {2021},
	journal = {Frontiers in Psychology},
	volume = {12},
	number = {August},
	doi = {10.3389/fpsyg.2021.652664}
}

@article{ashby2007,
	title = {A neurobiological theory of automaticity in perceptual categorization.},
	author = {Ashby, F. Gregory and Ennis, John M. and Spiering, Brian J.},
	year = {2007},
	date = {2007},
	journal = {Psychological review},
	pages = {632},
	volume = {114},
	number = {3},
	url = {https://psycnet.apa.org/journals/rev/114/3/632/},
	note = {Publisher: American Psychological Association}
}

@inproceedings{linSyntacticAnnotationsGoogle2012,
	title = {Syntactic annotations for the google books ngram corpus},
	author = {Lin, Yuri and Michel, Jean-Baptiste and Lieberman, Erez Aiden and Orwant, Jon and Brockman, Will and Petrov, Slav},
	year = {2012},
	date = {2012},
	pages = {169{\textendash}174},
	url = {https://aclanthology.org/P12-3029.pdf}
}

@techreport{chomskyAspectsTheorySyntax1965,
	title = {Aspects of the theory of syntax Special technical report no. 11},
	author = {Chomsky, Noam},
	year = {1965},
	date = {1965},
	url = {https://ntrs.nasa.gov/api/citations/19670002070/downloads/19670002070.pdf}
}

@article{stembergerAreInflectedForms2004,
	title = {Are inflected forms stored in the lexicon},
	author = {Stemberger, Joseph P. and MacWhinney, Brian},
	year = {2004},
	date = {2004},
	journal = {Morphology: Critical concepts in linguistics},
	pages = {107{\textendash}122},
	volume = {6},
	url = {https://books.google.com/books?hl=en&lr=&id=bGl0aKBld3cC&oi=fnd&pg=PA107&dq=stemberger+2004+inflected&ots=RdvzVaC_NS&sig=0DJV8gUVaoZv_COZqcLXOu5_evU}
}

@inbook{baayenDutchInflectionRules2002,
	title = {Dutch Inflection: The Rules that Prove the Exception},
	author = {Baayen, Harald and Schreuder, Robert and De Jong, Nivja and Krott, Andrea},
	editor = {Nooteboom, Sieb and Weerman, Fred and Wijnen, Frank},
	year = {2002},
	date = {2002},
	publisher = {Springer Netherlands},
	pages = {61--92},
	volume = {30},
	url = {http://link.springer.com/10.1007/978-94-010-0355-1_3},
	note = {Series Title: Studies in Theoretical Psycholinguistics
DOI: 10.1007/978-94-010-0355-1{\_}3},
	address = {Dordrecht}
}

@article{ambridgeStoredAbstractionsRadical2020,
	title = {Against stored abstractions: A radical exemplar model of language acquisition},
	author = {Ambridge, Ben},
	year = {2020},
	date = {2020},
	journal = {First Language},
	pages = {509--559},
	volume = {40},
	number = {5-6},
	doi = {10.1177/0142723719869731}
}

@article{ambridgeAbstractionsMadeExemplars2020,
	title = {Abstractions made of exemplars or {\textquoteleft}You{\textquoteright}re all right, and I{\textquoteright}ve changed my mind{\textquoteright}: Response to commentators},
	author = {Ambridge, Ben},
	year = {2020},
	date = {2020},
	journal = {First Language},
	pages = {640--659},
	volume = {40},
	number = {5-6},
	doi = {10.1177/0142723720949723}
}

@inproceedings{houghton2023does,
  title={Does Predictability Drive the Holistic Storage of Compound Nouns?},
  author={Houghton, Zachary Nicholas and Morgan, Emily},
  booktitle={Proceedings of the Annual Meeting of the Cognitive Science Society},
  volume={45},
  number={45},
  year={2023}
}

@article{stembergerFrequencyLexicalStorage1986,
	title = {Frequency and the lexical storage of regularly inflected forms},
	author = {Stemberger, Joseph Paul and MacWhinney, Brian},
	year = {1986},
	month = {01},
	date = {1986-01},
	journal = {Memory \& Cognition},
	pages = {17--26},
	volume = {14},
	number = {1},
	doi = {10.3758/BF03209225},
	url = {http://link.springer.com/10.3758/BF03209225},
	langid = {en}
}


